<?xml version="1.0"?>
<Document attrname="attrval">
	<CstmrCdtTrfInitn>
		<GrpHdr>
			<MsgId>PN12121</MsgId>
			<CreDtTm>2017-11-22 19:07:38</CreDtTm>
			<NbOfTxs>19</NbOfTxs>
			<CtrlSum>65346,99DH</CtrlSum>
			<InitgPty>
				<Nm>CNSS</Nm>
				<Id>
					<OrgId>
						<Othr>
							<Id>999</Id>
						</Othr>
					</OrgId>
				</Id>
			</InitgPty>
		</GrpHdr>
		<PmtInf>
			<PmtInfId>12121000118028</PmtInfId>
			<PmtMtd>TRF</PmtMtd>
			<PmtTpInf>
				<SvcLvl>
					<Cd>WIRE</Cd>
				</SvcLvl>
			</PmtTpInf>
			<ReqdExctnDt>2012-04-30</ReqdExctnDt>
			<Dbtr>
				<Nm>CNSS</Nm>
				<PstlAdr>
					<Ctry>MA</Ctry>
					<AdrLine> 649,bd MOHAMMED V,BELVEDER CASABLANCA</AdrLine>
				</PstlAdr>
			</Dbtr>
			<DbtrAcct>
				<Id>
					<Othr>
						<Id>028780000000040063000393</Id>
					</Othr>
				</Id>
				<Ccy>EUR</Ccy>
			</DbtrAcct>
			<DbtrAgt>
				<FinInstnId>
					<BIC>CITIMAMC</BIC>
					<Othr>
						<Id>621570001</Id>
					</Othr>
				</FinInstnId>
			</DbtrAgt>
			<CdtTrfTxInf>
				<PmtId>
					<InstrId>135862813000000853329</InstrId>
					<EndToEndId>100729721720281</EndToEndId>
				</PmtId>
				<PmtTpInf>
					<SvcLvl>
						<Cd>WIRE</Cd>
					</SvcLvl>
				</PmtTpInf>
				<Amt>
					<InstdAmt Ccy="EUR">756,3</InstdAmt>
				</Amt>
				<ChrgBr>DEBT</ChrgBr>
				<CdtrAgt>
					<FinInstnId>
						<BIC>CCFRFRPP</BIC>
					</FinInstnId>
				</CdtrAgt>
				<Cdtr>
					<Nm>SANVITI EP MENOT DANIELLE</Nm>
					<PstlAdr>
						<TwnNm>STRASBOURG</TwnNm>
						<Ctry>FR</Ctry>
						<AdrLine>SG STRASBOURG</AdrLine>
					</PstlAdr>
				</Cdtr>
				<CdtrAcct>
					<Id>
						<IBAN>FR7630003023800005000538513</IBAN>
					</Id>
				</CdtrAcct>
			</CdtTrfTxInf>
			<CdtTrfTxInf>
				<PmtId>
					<InstrId>135867615000000853449</InstrId>
					<EndToEndId>100729721720382</EndToEndId>
				</PmtId>
				<PmtTpInf>
					<SvcLvl>
						<Cd>WIRE</Cd>
					</SvcLvl>
				</PmtTpInf>
				<Amt>
					<InstdAmt Ccy="EUR">579,06</InstdAmt>
				</Amt>
				<ChrgBr>DEBT</ChrgBr>
				<CdtrAgt>
					<FinInstnId>
						<BIC>CCFRFRPP</BIC>
					</FinInstnId>
				</CdtrAgt>
				<Cdtr>
					<Nm>ZIMMER MARIE EDMEE </Nm>
					<PstlAdr>
						<TwnNm>LYON</TwnNm>
						<Ctry>FR</Ctry>
						<AdrLine>SG LYON JEAN MACE</AdrLine>
					</PstlAdr>
				</Cdtr>
				<CdtrAcct>
					<Id>
						<IBAN>FR7630003012030005016505005</IBAN>
					</Id>
				</CdtrAcct>
			</CdtTrfTxInf>
			<CdtTrfTxInf>
				<PmtId>
					<InstrId>135870816000000853546</InstrId>
					<EndToEndId>100729721720483</EndToEndId>
				</PmtId>
				<PmtTpInf>
					<SvcLvl>
						<Cd>WIRE</Cd>
					</SvcLvl>
				</PmtTpInf>
				<Amt>
					<InstdAmt Ccy="EUR">325,08</InstdAmt>
				</Amt>
				<ChrgBr>DEBT</ChrgBr>
				<CdtrAgt>
					<FinInstnId>
						<BIC>CCFRFRPP</BIC>
					</FinInstnId>
				</CdtrAgt>
				<Cdtr>
					<Nm>BLANCHARD NICOLE RENEE </Nm>
					<PstlAdr>
						<TwnNm>PARIS</TwnNm>
						<Ctry>FR</Ctry>
						<AdrLine>PARIS</AdrLine>
					</PstlAdr>
				</Cdtr>
				<CdtrAcct>
					<Id>
						<IBAN>FR2230002004540000054824U18</IBAN>
					</Id>
				</CdtrAcct>
			</CdtTrfTxInf>
			<CdtTrfTxInf>
				<PmtId>
					<InstrId>135877614000000853753</InstrId>
					<EndToEndId>100729721720584</EndToEndId>
				</PmtId>
				<PmtTpInf>
					<SvcLvl>
						<Cd>WIRE</Cd>
					</SvcLvl>
				</PmtTpInf>
				<Amt>
					<InstdAmt Ccy="EUR">5174,82</InstdAmt>
				</Amt>
				<ChrgBr>DEBT</ChrgBr>
				<CdtrAgt>
					<FinInstnId>
						<BIC>CCFRFRPP</BIC>
					</FinInstnId>
				</CdtrAgt>
				<Cdtr>
					<Nm>GERARD ALAIN</Nm>
					<PstlAdr>
						<TwnNm>BRY SUR MARNE</TwnNm>
						<Ctry>FR</Ctry>
						<AdrLine>CCP BRY SUR MARNE</AdrLine>
					</PstlAdr>
				</Cdtr>
				<CdtrAcct>
					<Id>
						<IBAN>FR2410011000201204087955F75</IBAN>
					</Id>
				</CdtrAcct>
			</CdtTrfTxInf>
			<CdtTrfTxInf>
				<PmtId>
					<InstrId>135878919050000046131</InstrId>
					<EndToEndId>100729721720685</EndToEndId>
				</PmtId>
				<PmtTpInf>
					<SvcLvl>
						<Cd>WIRE</Cd>
					</SvcLvl>
				</PmtTpInf>
				<Amt>
					<InstdAmt Ccy="EUR">7519,2</InstdAmt>
				</Amt>
				<ChrgBr>DEBT</ChrgBr>
				<CdtrAgt>
					<FinInstnId>
						<BIC>CCFRFRPP</BIC>
					</FinInstnId>
				</CdtrAgt>
				<Cdtr>
					<Nm>ANIDJAR ALICE</Nm>
					<PstlAdr>
						<TwnNm>PANTIN</TwnNm>
						<Ctry>FR</Ctry>
						<AdrLine>AGENCE PANTIN</AdrLine>
					</PstlAdr>
				</Cdtr>
				<CdtrAcct>
					<Id>
						<IBAN>FR1330002006010000049081N59</IBAN>
					</Id>
				</CdtrAcct>
			</CdtTrfTxInf>
			<CdtTrfTxInf>
				<PmtId>
					<InstrId>135884213000000853962</InstrId>
					<EndToEndId>100729721720786</EndToEndId>
				</PmtId>
				<PmtTpInf>
					<SvcLvl>
						<Cd>WIRE</Cd>
					</SvcLvl>
				</PmtTpInf>
				<Amt>
					<InstdAmt Ccy="EUR">3488,76</InstdAmt>
				</Amt>
				<ChrgBr>DEBT</ChrgBr>
				<CdtrAgt>
					<FinInstnId>
						<BIC>CCFRFRPP</BIC>
					</FinInstnId>
				</CdtrAgt>
				<Cdtr>
					<Nm>JIBAUD ROGER</Nm>
					<PstlAdr>
						<TwnNm>PARIS</TwnNm>
						<Ctry>FR</Ctry>
						<AdrLine>115 RUE DE S VRES</AdrLine>
					</PstlAdr>
				</Cdtr>
				<CdtrAcct>
					<Id>
						<IBAN>FR9820041010091335750Y03076</IBAN>
					</Id>
				</CdtrAcct>
			</CdtTrfTxInf>
			<CdtTrfTxInf>
				<PmtId>
					<InstrId>135891721000000854213</InstrId>
					<EndToEndId>100729721720887</EndToEndId>
				</PmtId>
				<PmtTpInf>
					<SvcLvl>
						<Cd>WIRE</Cd>
					</SvcLvl>
				</PmtTpInf>
				<Amt>
					<InstdAmt Ccy="EUR">1162,08</InstdAmt>
				</Amt>
				<ChrgBr>DEBT</ChrgBr>
				<CdtrAgt>
					<FinInstnId>
						<BIC>CCFRFRPP</BIC>
					</FinInstnId>
				</CdtrAgt>
				<Cdtr>
					<Nm>DOSDAT CLAUDE MARIE </Nm>
					<PstlAdr>
						<TwnNm>PARIS</TwnNm>
						<Ctry>FR</Ctry>
						<AdrLine>PARIS</AdrLine>
					</PstlAdr>
				</Cdtr>
				<CdtrAcct>
					<Id>
						<IBAN>FR7630003032910005057326108</IBAN>
					</Id>
				</CdtrAcct>
			</CdtTrfTxInf>
			<CdtTrfTxInf>
				<PmtId>
					<InstrId>135894212000000854296</InstrId>
					<EndToEndId>100729721720988</EndToEndId>
				</PmtId>
				<PmtTpInf>
					<SvcLvl>
						<Cd>WIRE</Cd>
					</SvcLvl>
				</PmtTpInf>
				<Amt>
					<InstdAmt Ccy="EUR">6495,84</InstdAmt>
				</Amt>
				<ChrgBr>DEBT</ChrgBr>
				<CdtrAgt>
					<FinInstnId>
						<BIC>CCFRFRPP</BIC>
					</FinInstnId>
				</CdtrAgt>
				<Cdtr>
					<Nm>BONICHON PIERRE JOSEPH </Nm>
					<PstlAdr>
						<TwnNm>CARNOUX</TwnNm>
						<Ctry>FR</Ctry>
						<AdrLine>CA CARNOUX</AdrLine>
					</PstlAdr>
				</Cdtr>
				<CdtrAcct>
					<Id>
						<IBAN>FR7611306000312612057700073</IBAN>
					</Id>
				</CdtrAcct>
			</CdtTrfTxInf>
			<CdtTrfTxInf>
				<PmtId>
					<InstrId>135903518000000854602</InstrId>
					<EndToEndId>100729721721089</EndToEndId>
				</PmtId>
				<PmtTpInf>
					<SvcLvl>
						<Cd>WIRE</Cd>
					</SvcLvl>
				</PmtTpInf>
				<Amt>
					<InstdAmt Ccy="EUR">6398,49</InstdAmt>
				</Amt>
				<ChrgBr>DEBT</ChrgBr>
				<CdtrAgt>
					<FinInstnId>
						<BIC>CCFRFRPP</BIC>
					</FinInstnId>
				</CdtrAgt>
				<Cdtr>
					<Nm>DAMOTTA RIBEIRO CARMEN </Nm>
					<PstlAdr>
						<TwnNm>BILLERE</TwnNm>
						<Ctry>FR</Ctry>
						<AdrLine>CRCA BILLERE PAU OUEST</AdrLine>
					</PstlAdr>
				</Cdtr>
				<CdtrAcct>
					<Id>
						<IBAN>FR7616906200250101322352074</IBAN>
					</Id>
				</CdtrAcct>
			</CdtTrfTxInf>
			<CdtTrfTxInf>
				<PmtId>
					<InstrId>135970822000000856746</InstrId>
					<EndToEndId>100729721721190</EndToEndId>
				</PmtId>
				<PmtTpInf>
					<SvcLvl>
						<Cd>WIRE</Cd>
					</SvcLvl>
				</PmtTpInf>
				<Amt>
					<InstdAmt Ccy="EUR">4731,48</InstdAmt>
				</Amt>
				<ChrgBr>DEBT</ChrgBr>
				<CdtrAgt>
					<FinInstnId>
						<BIC>CCFRFRPP</BIC>
					</FinInstnId>
				</CdtrAgt>
				<Cdtr>
					<Nm>ROUVELLAC JEAN PIERRE </Nm>
					<PstlAdr>
						<TwnNm>NIMES</TwnNm>
						<Ctry>FR</Ctry>
						<AdrLine>CE LR NIMES GARD MED</AdrLine>
					</PstlAdr>
				</Cdtr>
				<CdtrAcct>
					<Id>
						<IBAN>FR7613485303190462152862467</IBAN>
					</Id>
				</CdtrAcct>
			</CdtTrfTxInf>
			<CdtTrfTxInf>
				<PmtId>
					<InstrId>135980516000000857032</InstrId>
					<EndToEndId>100729721721291</EndToEndId>
				</PmtId>
				<PmtTpInf>
					<SvcLvl>
						<Cd>WIRE</Cd>
					</SvcLvl>
				</PmtTpInf>
				<Amt>
					<InstdAmt Ccy="EUR">1141,29</InstdAmt>
				</Amt>
				<ChrgBr>DEBT</ChrgBr>
				<CdtrAgt>
					<FinInstnId>
						<BIC>CCFRFRPP</BIC>
					</FinInstnId>
				</CdtrAgt>
				<Cdtr>
					<Nm>MARESCAUX DIDIER</Nm>
					<PstlAdr>
						<TwnNm>NIMES</TwnNm>
						<Ctry>FR</Ctry>
						<AdrLine>CE LR NIMES GARD MED</AdrLine>
					</PstlAdr>
				</Cdtr>
				<CdtrAcct>
					<Id>
						<IBAN>FR7613485303190462152862467</IBAN>
					</Id>
				</CdtrAcct>
			</CdtTrfTxInf>
			<CdtTrfTxInf>
				<PmtId>
					<InstrId>135987629000000857220</InstrId>
					<EndToEndId>100729721721392</EndToEndId>
				</PmtId>
				<PmtTpInf>
					<SvcLvl>
						<Cd>WIRE</Cd>
					</SvcLvl>
				</PmtTpInf>
				<Amt>
					<InstdAmt Ccy="EUR">390,3</InstdAmt>
				</Amt>
				<ChrgBr>DEBT</ChrgBr>
				<CdtrAgt>
					<FinInstnId>
						<BIC>CCFRFRPP</BIC>
					</FinInstnId>
				</CdtrAgt>
				<Cdtr>
					<Nm>LEPRETRE NICOLE</Nm>
					<PstlAdr>
						<TwnNm>NIMES</TwnNm>
						<Ctry>FR</Ctry>
						<AdrLine>CE LR NIMES GARD MED</AdrLine>
					</PstlAdr>
				</Cdtr>
				<CdtrAcct>
					<Id>
						<IBAN>FR7613485303190462152862467</IBAN>
					</Id>
				</CdtrAcct>
			</CdtTrfTxInf>
			<CdtTrfTxInf>
				<PmtId>
					<InstrId>135991828000000857342</InstrId>
					<EndToEndId>100729721721493</EndToEndId>
				</PmtId>
				<PmtTpInf>
					<SvcLvl>
						<Cd>WIRE</Cd>
					</SvcLvl>
				</PmtTpInf>
				<Amt>
					<InstdAmt Ccy="EUR">248,34</InstdAmt>
				</Amt>
				<ChrgBr>DEBT</ChrgBr>
				<CdtrAgt>
					<FinInstnId>
						<BIC>CCFRFRPP</BIC>
					</FinInstnId>
				</CdtrAgt>
				<Cdtr>
					<Nm>BARDIAUX GENEVIEVE</Nm>
					<PstlAdr>
						<TwnNm>BESANCON</TwnNm>
						<Ctry>FR</Ctry>
						<AdrLine>5 RUE MADELEINE BRES</AdrLine>
					</PstlAdr>
				</Cdtr>
				<CdtrAcct>
					<Id>
						<IBAN>FR7610278085900002000100358</IBAN>
					</Id>
				</CdtrAcct>
			</CdtTrfTxInf>
			<CdtTrfTxInf>
				<PmtId>
					<InstrId>135994111000000857404</InstrId>
					<EndToEndId>100729721721594</EndToEndId>
				</PmtId>
				<PmtTpInf>
					<SvcLvl>
						<Cd>WIRE</Cd>
					</SvcLvl>
				</PmtTpInf>
				<Amt>
					<InstdAmt Ccy="EUR">4325,25</InstdAmt>
				</Amt>
				<ChrgBr>DEBT</ChrgBr>
				<CdtrAgt>
					<FinInstnId>
						<BIC>CCFRFRPP</BIC>
					</FinInstnId>
				</CdtrAgt>
				<Cdtr>
					<Nm>LIVERATO ALAIN GABRIEL </Nm>
					<PstlAdr>
						<TwnNm>PARIS</TwnNm>
						<Ctry>FR</Ctry>
						<AdrLine>CE ILE DE FRANCE PARIS</AdrLine>
					</PstlAdr>
				</Cdtr>
				<CdtrAcct>
					<Id>
						<IBAN>FR7617515006000437018666833</IBAN>
					</Id>
				</CdtrAcct>
			</CdtTrfTxInf>
			<CdtTrfTxInf>
				<PmtId>
					<InstrId>135994327000000857411</InstrId>
					<EndToEndId>100729721721695</EndToEndId>
				</PmtId>
				<PmtTpInf>
					<SvcLvl>
						<Cd>WIRE</Cd>
					</SvcLvl>
				</PmtTpInf>
				<Amt>
					<InstdAmt Ccy="EUR">7422,48</InstdAmt>
				</Amt>
				<ChrgBr>DEBT</ChrgBr>
				<CdtrAgt>
					<FinInstnId>
						<BIC>CCFRFRPP</BIC>
					</FinInstnId>
				</CdtrAgt>
				<Cdtr>
					<Nm>LE BRIS TRINIDAD </Nm>
					<PstlAdr>
						<TwnNm>PONTIUY</TwnNm>
						<Ctry>FR</Ctry>
						<AdrLine>AGENCE PONTIVY</AdrLine>
					</PstlAdr>
				</Cdtr>
				<CdtrAcct>
					<Id>
						<IBAN>FR1730002074670000004148B73</IBAN>
					</Id>
				</CdtrAcct>
			</CdtTrfTxInf>
			<CdtTrfTxInf>
				<PmtId>
					<InstrId>136003325080000049678</InstrId>
					<EndToEndId>100729721721796</EndToEndId>
				</PmtId>
				<PmtTpInf>
					<SvcLvl>
						<Cd>WIRE</Cd>
					</SvcLvl>
				</PmtTpInf>
				<Amt>
					<InstdAmt Ccy="EUR">8767,5</InstdAmt>
				</Amt>
				<ChrgBr>DEBT</ChrgBr>
				<CdtrAgt>
					<FinInstnId>
						<BIC>CCFRFRPP</BIC>
					</FinInstnId>
				</CdtrAgt>
				<Cdtr>
					<Nm>BITTON SALOMON MARDKHAY</Nm>
					<PstlAdr>
						<TwnNm>PONTIUY</TwnNm>
						<Ctry>FR</Ctry>
						<AdrLine>AGENCE PONTIVY</AdrLine>
					</PstlAdr>
				</Cdtr>
				<CdtrAcct>
					<Id>
						<IBAN>FR1730002074670000004148B73</IBAN>
					</Id>
				</CdtrAcct>
			</CdtTrfTxInf>
			<CdtTrfTxInf>
				<PmtId>
					<InstrId>136006717000000857755</InstrId>
					<EndToEndId>100729721721800</EndToEndId>
				</PmtId>
				<PmtTpInf>
					<SvcLvl>
						<Cd>WIRE</Cd>
					</SvcLvl>
				</PmtTpInf>
				<Amt>
					<InstdAmt Ccy="EUR">707,01</InstdAmt>
				</Amt>
				<ChrgBr>DEBT</ChrgBr>
				<CdtrAgt>
					<FinInstnId>
						<BIC>CCFRFRPP</BIC>
					</FinInstnId>
				</CdtrAgt>
				<Cdtr>
					<Nm>SAUVESTRE MADELEINE</Nm>
					<PstlAdr>
						<TwnNm>CARQUEIRANNE</TwnNm>
						<Ctry>FR</Ctry>
						<AdrLine>SG CARQUEIRANNE</AdrLine>
					</PstlAdr>
				</Cdtr>
				<CdtrAcct>
					<Id>
						<IBAN>FR7630003019900001000101694</IBAN>
					</Id>
				</CdtrAcct>
			</CdtTrfTxInf>
			<CdtTrfTxInf>
				<PmtId>
					<InstrId>136007723000000857784</InstrId>
					<EndToEndId>100729721721901</EndToEndId>
				</PmtId>
				<PmtTpInf>
					<SvcLvl>
						<Cd>WIRE</Cd>
					</SvcLvl>
				</PmtTpInf>
				<Amt>
					<InstdAmt Ccy="EUR">466,11</InstdAmt>
				</Amt>
				<ChrgBr>DEBT</ChrgBr>
				<CdtrAgt>
					<FinInstnId>
						<BIC>CCFRFRPP</BIC>
					</FinInstnId>
				</CdtrAgt>
				<Cdtr>
					<Nm>HAIK MARIE FRANCE </Nm>
					<PstlAdr>
						<TwnNm>CAGNES SUR MER</TwnNm>
						<Ctry>FR</Ctry>
						<AdrLine>AGENCE CAGNES SUR MER</AdrLine>
					</PstlAdr>
				</Cdtr>
				<CdtrAcct>
					<Id>
						<IBAN>FR7630004007090000102353907</IBAN>
					</Id>
				</CdtrAcct>
			</CdtTrfTxInf>
			<CdtTrfTxInf>
				<PmtId>
					<InstrId>136011310000000857897</InstrId>
					<EndToEndId>100729721722002</EndToEndId>
				</PmtId>
				<PmtTpInf>
					<SvcLvl>
						<Cd>WIRE</Cd>
					</SvcLvl>
				</PmtTpInf>
				<Amt>
					<InstdAmt Ccy="EUR">5247,6</InstdAmt>
				</Amt>
				<ChrgBr>DEBT</ChrgBr>
				<CdtrAgt>
					<FinInstnId>
						<BIC>CCFRFRPP</BIC>
					</FinInstnId>
				</CdtrAgt>
				<Cdtr>
					<Nm>HOENIG JOSEPHINE ANTOINET </Nm>
					<PstlAdr>
						<TwnNm>PERPIGNAN</TwnNm>
						<Ctry>FR</Ctry>
						<AdrLine>SG PERPIGNAN GAMBETA</AdrLine>
					</PstlAdr>
				</Cdtr>
				<CdtrAcct>
					<Id>
						<IBAN>FR7630003017630005300205212</IBAN>
					</Id>
				</CdtrAcct>
			</CdtTrfTxInf>
		</PmtInf>
	</CstmrCdtTrfInitn>
</Document>
